<record><leader>00000cas a22000007a 4500</leader><controlfield tag="001">11512334</controlfield><controlfield tag="008">841219d19131926mtuwr ne      0    0eng d</controlfield><datafield ind1=" " ind2=" " tag="010"><subfield code="a">sn 84036303 </subfield></datafield><datafield ind1=" " ind2=" " tag="040"><subfield code="a">MTL</subfield><subfield code="b">eng</subfield><subfield code="c">MTL</subfield><subfield code="d">OCLCQ</subfield></datafield><datafield ind1=" " ind2=" " tag="042"><subfield code="a">msc</subfield></datafield><datafield ind1="0" ind2=" " tag="130"><subfield code="a">Denton recorder (Denton, Mont. :1913)</subfield></datafield><datafield ind1="1" ind2="4" tag="245"><subfield code="a">The Denton recorder.</subfield></datafield><datafield ind1=" " ind2=" " tag="260"><subfield code="a">Denton, Mont. :</subfield><subfield code="b">J.W. Altizer &amp; B.H. Tipton,</subfield><subfield code="c">1913-1926.</subfield></datafield><datafield ind1=" " ind2=" " tag="300"><subfield code="a">14 v. :</subfield><subfield code="b">ill. ;</subfield><subfield code="c">54 cm.</subfield></datafield><datafield ind1=" " ind2=" " tag="310"><subfield code="a">Weekly</subfield></datafield><datafield ind1="0" ind2=" " tag="362"><subfield code="a">Vol. 1, no. 1 (Mar. 6, 1913)-v. 14, no. 13 (Aug. 5, 1926).</subfield></datafield><datafield ind1=" " ind2=" " tag="500"><subfield code="a">"Politically the Recorder will be Democratic."</subfield></datafield><datafield ind1=" " ind2=" " tag="752"><subfield code="a">United States</subfield><subfield code="b">Montana</subfield><subfield code="c">Fergus</subfield><subfield code="d">Denton.</subfield></datafield><datafield ind1="0" ind2="0" tag="785"><subfield code="t">Teagarden's recorder</subfield><subfield code="w">(DLC)sn 84036304</subfield></datafield></record>